@inproceedings{reynolds1987flocks,
  author    = {Craig W. Reynolds},
  title     = {Flocks, Herds, and Schools: A Distributed Behavioral Model},
  booktitle = {ACM SIGGRAPH '87 Conference Proceedings},
  year      = {1987},
  volume    = {21},
  number    = {4},
  pages     = {25--34},
  journal   = {Computer Graphics},
  month     = jul,
  publisher = {ACM},
  address   = {Anaheim, California},
  note      = {Published in the ACM SIGGRAPH '87 Conference Proceedings}
}

@inproceedings{optimisation,
    author = {Alaliyat, Saleh and Yndestad, Harald and Sanfilippo, Filippo},
    year = {2014},
    month = {05},
    pages = {},
    title = {Optimisation Of Boids Swarm Model Based On Genetic Algorithm And Particle Swarm Optimisation Algorithm (Comparative Study)},
    journal = {Proceedings - 28th European Conference on Modelling and Simulation, ECMS 2014},
    doi = {10.7148/2014-0643}
}

@article{extra_optimisation,
    author = {Cui, Zhihua and Shi, Zhongzhi},
    title = {Boid particle swarm optimisation},
    journal = {International Journal of Innovative Computing and Applications},
    volume = {2},
    number = {2},
    pages = {77-85},
    year = {2009},
    doi = {10.1504/IJICA.2009.031778},
    URL = {
        https://www.inderscienceonline.com/doi/abs/10.1504/IJICA.2009.031778
    },
    eprint = {
        https://www.inderscienceonline.com/doi/pdf/10.1504/IJICA.2009.031778
    }
}

@inproceedings{Conley2005EvolvingBU,
  title={Evolving Boids: Using a Genetic Algorithm to Develop Boid Behaviors},
  author={Jamison Conley},
  year={2005},
  url={https://api.semanticscholar.org/CorpusID:8186146}
}

@inproceedings{boids_ga,
    author = {Chen, Yen-Wei and Kobayashi, Kanami and Huang, Xinyin and Nakao, Zensho},
    year = {2006},
    month = {10},
    pages = {55-62},
    title = {Genetic Algorithms for Optimization of Boids Model},
    volume = {4252},
    isbn = {978-3-540-46537-9},
    doi = {10.1007/11893004_7}
}

@misc{future,
      title={BOIDS: High-dimensional Bayesian Optimization via Incumbent-guided Direction Lines and Subspace Embeddings}, 
      author={Lam Ngo and Huong Ha and Jeffrey Chan and Hongyu Zhang},
      year={2024},
      eprint={2412.12918},
      archivePrefix={arXiv},
      primaryClass={stat.ML},
      url={https://arxiv.org/abs/2412.12918}, 
}
